<record><leader>01213ccm a2200337 a 4500</leader><controlfield tag="001">1324887</controlfield><controlfield tag="005">19900618155034.6</controlfield><controlfield tag="008">901001s1985    it msau        n    lat d</controlfield><datafield ind1=" " ind2=" " tag="010"><subfield code="a">   88751879 /M/r90</subfield></datafield><datafield ind1=" " ind2=" " tag="035"><subfield code="a">ocm64021637</subfield></datafield><datafield ind1=" " ind2=" " tag="040"><subfield code="a">DLC</subfield><subfield code="b">eng</subfield><subfield code="c">DLC</subfield><subfield code="d">DLC</subfield></datafield><datafield ind1=" " ind2=" " tag="048"><subfield code="a">ca04</subfield><subfield code="a">oa</subfield></datafield><datafield ind1=" " ind2=" " tag="049"><subfield code="a">AEU</subfield><subfield code="b">eng</subfield></datafield><datafield ind1="0" ind2="0" tag="050"><subfield code="a">M2010</subfield><subfield code="b">.C53 G maj. 1985</subfield></datafield><datafield ind1="0" ind2=" " tag="090"><subfield code="a">M 2010 C52 S685 1985 folio</subfield></datafield><datafield ind1="1" ind2=" " tag="100"><subfield code="a">Cherubini, Luigi,</subfield><subfield code="d">1760-1842.</subfield></datafield><datafield ind1="1" ind2="0" tag="240"><subfield code="a">Messa solenne,</subfield><subfield code="r">G major</subfield><subfield code="l">Latin</subfield></datafield><datafield ind1="1" ind2="0" tag="245"><subfield code="a">Messa solenne</subfield><subfield code="h">[music] :</subfield><subfield code="b">in sol magg. (per l'incoronazione di Luigi XVIII) /</subfield><subfield code="c">Luigi Cherubini ; a cura di Giovanni Carli Ballola.</subfield></datafield><datafield ind1=" " ind2=" " tag="250"><subfield code="a">1a ed.</subfield></datafield><datafield ind1=" " ind2=" " tag="254"><subfield code="a">Partitura. --</subfield></datafield><datafield ind1=" " ind2=" " tag="260"><subfield code="a">Roma :</subfield><subfield code="b">Boccaccini &amp; Spada,</subfield><subfield code="c">c1985.</subfield></datafield><datafield ind1=" " ind2=" " tag="300"><subfield code="a">1 score (261 p.) ;</subfield><subfield code="c">34 cm.</subfield></datafield><datafield ind1=" " ind2=" " tag="336"><subfield code="a">notated music</subfield><subfield code="b">ntm</subfield><subfield code="2">rdacontent</subfield></datafield><datafield ind1=" " ind2=" " tag="337"><subfield code="a">unmediated</subfield><subfield code="b">n</subfield><subfield code="2">rdamedia</subfield></datafield><datafield ind1=" " ind2=" " tag="500"><subfield code="a">For chorus (SATB) and orchestra.</subfield></datafield><datafield ind1=" " ind2=" " tag="596"><subfield code="a">38</subfield></datafield><datafield ind1=" " ind2="0" tag="650"><subfield code="a">Masses</subfield><subfield code="v">Scores.</subfield></datafield><datafield ind1=" " ind2="0" tag="650"><subfield code="a">Coronation music.</subfield></datafield><datafield ind1="0" ind2=" " tag="700"><subfield code="a">Louis</subfield><subfield code="b">XVIII,</subfield><subfield code="c">King of France,</subfield><subfield code="d">1755-1824.</subfield></datafield><datafield ind1="1" ind2=" " tag="700"><subfield code="a">Carli Ballola, Giovanni,</subfield><subfield code="d">1932-</subfield></datafield><datafield ind1=" " ind2=" " tag="926"><subfield code="a">M 2010 C52 S685 1985 folio</subfield><subfield code="w">LC</subfield><subfield code="c">1</subfield><subfield code="i">000034246447</subfield><subfield code="l">ON_SHELF</subfield><subfield code="m">UABARD</subfield><subfield code="p">$150.00</subfield><subfield code="r">Y</subfield><subfield code="s">Y</subfield><subfield code="t">MUSICSCORE</subfield><subfield code="u">10/3/1990</subfield><subfield code="o">.STAFF. D0000999</subfield></datafield></record>